@misc{Handboek_Project,
      title = "Technical Manual PRO-Q2",
      year  = "2020",
      month = "February",
      day   = "15"
}

@misc{LM1876,
    title = "LM1876 Overture",
    year = "2013",
    month = "april"
}